@article{bmac,
    author  = "Joseph Polastre and Jason Hill and David Culler",
    title   = "{Versatile Low Power Media Access for Wireless Sensor Networks}",
    year    = "2004",
    journal = "SenSys",
}

@article{ctp,
    author  = "Omprakash Gnawali and Rodrigo Fonseca and Kyle Jamieson and David Moss and Philip Levis",
    title   = "{Collection Tree Protocol}",
    year    = "2009",
    journal = "SenSys",
}


@technicalreport{boxmac,
    author  = "David Moss and Philip Levis",
    title   = "{BoX-MACs}: {Exploiting Physical and Link Layer Boundaries in Low-Power Networking}",
    year    = "2008",
    journal = "SING",
}

@misc{cc1101datasheet,
	author = "Texas Instruments",
	title = "{CC1101} Datasheet",
	howpublished = "http://www.ti.com/lit/gpn/cc1101"
}


@misc{cc1101errata,
	author = "Texas Instruments",
	title = "{CC1101} Errata",
	howpublished = "http://www.ti.com/litv/pdf/swrz020b"
}


@misc{tinyos,
	author = "{TinyOS} Community",
	howpublished = "http://docs.tinyos.net",
}

@misc{opensourceccxx00,
	author = "David Moss",
	title = "{CCxx00} Implementation",
	howpublished = "http://tinyos.cvs.sourceforge.net/viewvc/tinyos/ tinyos-2.x-contrib/blaze/",
}

@misc{modulememoryusage,
  author = "Cory Sharp",
  title = "{Module Memory Usage Script}",
  howpublished = "http://tinyos.cvs.sourceforge.net/ viewvc/tinyos/tinyos-1.x/contrib/ SystemC/scripts/",
}

@misc{softbaugh,
  author = "{SoftBaugh}",
  howpublished = "http://www.softbaugh.com",
}


@misc{tep115,
	author = "Kevin Klues and Vlado Handziski and Jan-Hinrich Hauer and Phil Levis",
	title = "{TEP115}: {Power Management of Non-Virtualised Devices}",
	howpublished = "http://www.tinyos.net/ tinyos-2.1.0/doc/html/tep115.html"
}

@misc{tep127,
	author = "David Moss and Phil Levis",
	title = "{TEP127}: {Packet Link Layer}",
	howpublished = "http://www.tinyos.net/ tinyos-2.1.0/doc/html/tep127.html"
}

@misc{tep105,
	author = "David Moss and Jonathan Hui and Kevin Klues",
	title = "{TEP105}: {Low Power Listening}",
	howpublished = "http://www.tinyos.net/ tinyos-2.1.0/doc/html/tep105.html"
}
