@inproceedings{conf/icccn/PedrosaMRN08,
  author = {Luï¿½s D. Pedrosa and Pedro Melo and Rui M. Rocha and Rui Neves},
  booktitle = {ICCCN},
  crossref = {conf/icccn/2008},
  interhash = {c407815d7b31cdcaebeaa2a1d934a141},
  intrahash = {3a4444d351370c2560fddd297908528e},
  pages = {863-868},
  publisher = {IEEE},
  title = {A Flexible Approach to WSN Deployment.},
  url = {http://dblp.uni-trier.de/db/conf/icccn/icccn2008.html#PedrosaMRN08},
  year = 2008,
  keywords = {dblp},
  ee = {http://dx.doi.org/10.1109/ICCCN.2008.ECP.161},
  description = {dblp},
  isbn = {978-1-4244-2390-3},
  biburl = {http://www.bibsonomy.org/bibtex/23a4444d351370c2560fddd297908528e/dblp},
  date = {2010-03-08}
}

@inproceedings{conf/ipsn/PalChaudhuriSJ04,
  author = {Santashil PalChaudhuri and Amit Kumar Saha and David B. Johnson},
  booktitle = {IPSN},
  crossref = {conf/ipsn/2004},
  editor = {Kannan Ramchandran and Janos Sztipanovits and Jennifer C. Hou and Thrasyvoulos N. Pappas},
  interhash = {61bff4ed539f7ac09233b31901d2b34e},
  intrahash = {0a824e806ea11613fbe67290a0dfa640},
  pages = {340-348},
  publisher = {ACM},
  title = {Adaptive clock synchronization in sensor networks.},
  url = {http://dblp.uni-trier.de/db/conf/ipsn/ipsn2004.html#PalChaudhuriSJ04},
  year = 2004,
  keywords = {dblp},
  ee = {http://doi.acm.org/10.1145/984622.984672},
  description = {dblp},
  isbn = {1-58113-846-6},
  biburl = {http://www.bibsonomy.org/bibtex/20a824e806ea11613fbe67290a0dfa640/dblp},
  date = {2006-02-13}
}

@inproceedings{conf/infocom/LiR04,
  author = {Qun Li and Daniela Rus},
  booktitle = {INFOCOM},
  interhash = {6c00406df532c533210805fc97b16d87},
  intrahash = {8b6228067f0fbe90d973f20aca931fcb},
  title = {Global Clock Synchronization in Sensor Networks.},
  url = {http://dblp.uni-trier.de/db/conf/infocom/infocom2004.html#LiR04},
  year = 2004,
  keywords = {dblp},
  ee = {http://www.ieee-infocom.org/2004/Papers/12_4.PDF},
  description = {dblp},
  biburl = {http://www.bibsonomy.org/bibtex/28b6228067f0fbe90d973f20aca931fcb/dblp},
  date = {2005-04-18}
}

@inproceedings{Maroti04:FTSP,
  address = {Baltimore, MD, USA},
  author = {Miklos Maroti and Branislav Kusy and Gyula Simon and Akos Ledeczi},
  booktitle = {Proceedings of the Second International ACM Conference on Embedded Networked Sensor Systems (SenSys) },
  interhash = {88ee3549af51b0c345bdb7bf4df8fcfa},
  intrahash = {e6cc778b12727a31ba24ebe0b21451b8},
  pages = {39--49},
  publisher = {ACM Press},
  title = {The flooding time synchronization protocol},
  year = 2004,
  keywords = {imported},
  description = {My Underwater references},
  isbn = {1-58113-879-2},
  biburl = {http://www.bibsonomy.org/bibtex/2e6cc778b12727a31ba24ebe0b21451b8/intiha},
  doi = {http://doi.acm.org/10.1145/1031495.1031501}
}

@inproceedings{conf/wsna/GreunenR03,
  author = {Jana van Greunen and Jan M. Rabaey},
  booktitle = {Wireless Sensor Networks and Applications},
  crossref = {conf/wsna/2003},
  editor = {C. S. Raghavendra and Krishna M. Sivalingam and Ramesh Govindan and Parmesh Ramanathan},
  interhash = {19bd4206307a0dc772f170ff1e40112c},
  intrahash = {068382e9a30471dbaf054af9c0652cc0},
  pages = {11-19},
  publisher = {ACM},
  title = {Lightweight time synchronization for sensor networks.},
  url = {http://dblp.uni-trier.de/db/conf/wsna/wsna2003.html#GreunenR03},
  year = 2003,
  keywords = {dblp},
  ee = {http://doi.acm.org/10.1145/941350.941353},
  description = {dblp},
  isbn = {1-58113-764-8},
  biburl = {http://www.bibsonomy.org/bibtex/2068382e9a30471dbaf054af9c0652cc0/dblp},
  date = {2008-02-11}
}

@inproceedings{Elson02-RBS,
  address = {Boston, MA, USA},
  author = {J. Elson and L. Girod and D. Estrin},
  booktitle = {Proceedings of the Fifth Symposium on Operating Systems Design
and Implementation (OSDI 2002)},
  interhash = {d5154670063f440ad74cb749a02f3685},
  intrahash = {535d7c7d45cf29446ec40fece4fc3b98},
  pages = {147--163},
  title = {Fine-grained network time synchronization using reference broadcasts},
  year = 2002,
  keywords = {imported},
  description = {My Underwater references},
  biburl = {http://www.bibsonomy.org/bibtex/2535d7c7d45cf29446ec40fece4fc3b98/intiha},
  month = {December}
}

@inproceedings{Ganeriwal03:TPSN,
  address = {Los Angeles, California, USA},
  author = {Saurabh Ganeriwal and Ram Kumar and Mani B. Srivastava},
  booktitle = {Proceedings of the First International ACM Conference on Embedded Networked Sensor Systems (SenSys)},
  interhash = {fe2d0eed2382664f1a034bc62bb41e67},
  intrahash = {15ec455f5341cec6c40573f206ac07c6},
  pages = {138--149},
  publisher = {ACM Press},
  title = {Timing-sync protocol for sensor networks},
  year = 2003,
  keywords = {imported},
  description = {My Underwater references},
  isbn = {1-58113-707-9},
  biburl = {http://www.bibsonomy.org/bibtex/215ec455f5341cec6c40573f206ac07c6/intiha},
  doi = {http://doi.acm.org/10.1145/958491.958508}
}

@inproceedings{conf/ccs/SunNW06,
  author = {Kun Sun and Peng Ning and Cliff Wang},
  booktitle = {ACM Conference on Computer and Communications Security},
  crossref = {conf/ccs/2006usa},
  editor = {Ari Juels and Rebecca N. Wright and Sabrina De Capitani di Vimercati},
  interhash = {1b70b6ea337c940c68b3df1e9b1e3125},
  intrahash = {2a0cd9fcb44ac2ab13cfa64a8eb5caf5},
  pages = {264-277},
  publisher = {ACM},
  title = {TinySeRSync: secure and resilient time synchronization in wireless sensor networks.},
  url = {http://dblp.uni-trier.de/db/conf/ccs/ccs2006usa.html#SunNW06},
  year = 2006,
  keywords = {dblp},
  ee = {http://doi.acm.org/10.1145/1180405.1180439},
  description = {dblp},
  biburl = {http://www.bibsonomy.org/bibtex/22a0cd9fcb44ac2ab13cfa64a8eb5caf5/dblp},
  date = {2006-12-11}
}

@article{journals/sigmobile/DaiH04,
  author = {Hui Dai and Richard Han},
  interhash = {b7859db0d592bbdc6df38342a6acd8e4},
  intrahash = {bd1d7af17b77fb6389c4bf93b4c0c575},
  journal = {Mobile Computing and Communications Review},
  number = 1,
  pages = {125-139},
  title = {TSync: a lightweight bidirectional time synchronization service for wireless sensor networks.},
  url = {http://dblp.uni-trier.de/db/journals/sigmobile/sigmobile8.html#DaiH04},
  volume = 8,
  year = 2004,
  keywords = {dblp},
  ee = {http://doi.acm.org/10.1145/980159.980173},
  description = {dblp},
  biburl = {http://www.bibsonomy.org/bibtex/2bd1d7af17b77fb6389c4bf93b4c0c575/dblp},
  date = {2006-02-09}
}

@inproceedings{conf/mdm/Levis06,
  author = {Philip Alexander Levis},
  booktitle = {MDM},
  crossref = {conf/mdm/2006},
  interhash = {3c5a9b6411dcff35f7d22e37f2c77754},
  intrahash = {9b591f3f6343200bbe8222ed4a33986e},
  pages = 63,
  publisher = {IEEE Computer Society},
  title = {TinyOS: An Open Operating System for Wireless Sensor Networks (Invited Seminar).},
  url = {http://dblp.uni-trier.de/db/conf/mdm/mdm2006.html#Levis06},
  year = 2006,
  keywords = {dblp},
  ee = {http://doi.ieeecomputersociety.org/10.1109/MDM.2006.151},
  description = {dblp},
  isbn = {0-7695-2526-1},
  biburl = {http://www.bibsonomy.org/bibtex/29b591f3f6343200bbe8222ed4a33986e/dblp},
  date = {2006-06-08}
}

@inproceedings{conf/sensys/LevisLWC03,
  author = {Philip Levis and Nelson Lee and Matt Welsh and David E. Culler},
  booktitle = {SenSys},
  crossref = {conf/sensys/2003},
  editor = {Ian F. Akyildiz and Deborah Estrin and David E. Culler and Mani B. Srivastava},
  interhash = {074f1c1bd7573e545a5c28219bf2ff3c},
  intrahash = {57e5ed46d8c6722fd15e5f115195dd89},
  pages = {126-137},
  publisher = {ACM},
  title = {TOSSIM: accurate and scalable simulation of entire tinyOS applications.},
  url = {http://dblp.uni-trier.de/db/conf/sensys/sensys2003.html#LevisLWC03},
  year = 2003,
  keywords = {dblp},
  ee = {http://doi.acm.org/10.1145/958491.958506},
  description = {dblp},
  isbn = {1-58113-707-9},
  biburl = {http://www.bibsonomy.org/bibtex/257e5ed46d8c6722fd15e5f115195dd89/dblp},
  date = {2006-02-15}
}

@book{1076303,
 author = {Karl, Holger and Willig, Andreas},
 title = {Protocols and Architectures for Wireless Sensor Networks},
 year = {2005},
 isbn = {0470095105},
 publisher = {John Wiley \& Sons},
 }

@MISC{solis06,
    author = {Roberto Solis and Vivek S. Borkar and P. R. Kumar},
    title = {A New Distributed Time Synchronization Protocol for Multihop Wireless Networks.},
    year = {2006}
}

@MISC{schenato07,
    author = {Luca Schenato and Giovanni Gamba},
    title = {Average TimeSync (ATS): a distributed consensus protocol for sensor networks clock synchronization.},
    year = {2007}
}

@MISC{ping03,
    author = {Su Ping},
    title = {Delay Measurement Time Synchronization For Wireless Sensor Networks.},
    year = {2003}
}