@techreport{ML02,
author = "Martin Leopold",
title = "Evaluation of Bluetooth Communication: Simulation and
Experiments",
year = 2002,
institution = "Dept. of Computer Science, University of Copenhagen",
issn = "0107-8283",
number = "02-03"
}

@MISC{TLK,
title = "The Kernel Documentation Project",
key = "TLK",
url = "http://tldp.org/LDP/tlk/tlk.html"
}


@BOOK{LMKQ90,
author = "Samuel J. Leffler and Marshal Kirk McKusick and Michael J. Karels and John S. Quaterman",
editor = "",
title = "The Design and Implementation of the 4.3 BSD UNIX operating System",
publisher ="Addison Wesley",
year = 1990
}

@BOOK{BS02,
author = "Jennifer Bray and Charles F Struman",
editor = "",
title = "Bluetooth 1.1 Connect Without Cables",
edition = "2",
publisher ="Prentice Hall",
year = "2002",
isbn = "0130661066"
}

@MASTERSTHESIS{JH00,
author = "Jason Hill",
title = "A Software Architecture Supporting Networked Sensors",
school = "University of California, Berkeley",
year = "2000"
}

@MISC{IEC60027-2,
title= "Letter symbols to be used in electrical technology - Part 2: Telecommunications and electronics",
author = "International Electrotechnical Commision",
HOWPUBLISHED = "IEC standard 60027-2, 2.nd edition",
year = "2000",
url = "https://domino.iec.ch/webstore/webstore.nsf/artnum/026554"
}

@MISC{BT02,
title = "Specification of the Bluetooth System, Core, version 1.1",
author = "Bluetooth Special Interest Group",
year = "2002",
HOWPUBLISHED = "Website",
url = "http://www.bluetooth.org/docs/Bluetooth\_V11\_Core\_22Feb01.pdf"
}

@MANUAL{128LDS,
Title = "ATmega128(L) Preliminary Complete",
ORGANIZATION = "Atmel",
url = "http://www.atmel.com"
}

@inproceedings{ hill00system,
author = "Jason Hill and Robert Szewczyk and Alec Woo and Seth Hollar and David E. Culler and Kristofer S. J. Pister",
title = "System Architecture Directions for Networked Sensors",
booktitle = "Architectural Support for Programming Languages and Operating Systems",
pages = "93-104",
year = "2000",
url = "citeseer.nj.nec.com/382595.html" 
}

@inproceedings{ gay00nesc,
author = "David Gay and Phil Levis and Rob von Behren and Matt Welsh and Eric Brewer and David Culler",
title = "The nesC Language: A Holistic Approach to Networked Embedded Systems",
year = "2003",
booktitle = "Proceedings of Programming Language Design and Implementation (PLDI) 2003"
}

@techreport{Ye02b,
author = "Wei Ye and John Heidemann and Deborah Estrin",
title = "A Flexible and Reliable Radio Communication Stack on Motes",
institution = "USC/Information Sciences Institute",
year = "2002",
number = "ISI-TR-565",
month = "September",
keywords = "s-mac, design document",
otherurl = "http://www.isi.edu/~weiye/pub/commstack.pdf",
url = "http://www.isi.edu/~johnh/PAPERS/Ye02b.html",
organization = "USC/Information Sciences Institute",
pdfurl = "http://www.isi.edu/~johnh/PAPERS/Ye02b.pdf",
psurl = "http://www.isi.edu/~johnh/PAPERS/Ye02b.ps.gz",
}

@InProceedings{WINS,
  author = 	 {K. Bult and A. Burstein and D. Chang and M. Dongand W.J. Kaiser},
  title = 	 {Wireless Integrated Microsensors},
  booktitle = 	 {Proceedings of Conference on Sensors and Systems (Sensors Expo)},
  pages = 	 {33-38},
  year = 	 {1996},
  month = 	 {april},
}


@inproceedings {leo03bluetooth,
author = "Martin Leopold and Mads Bondo Dydensborg and Philippe Bonnet",
title = "Bluetooth and Sensor Networks: A Reality Check",
institution = "Department of Computer Science, University of Copenhagen",
year = "2003",
Number = "72",
month = "November",
organisation = "Department of Computer Science, University of Copenhagen"}
